@article{darp,
author = {Kapoutsis, Athanasios and Chatzichristofis, Savvas and Kosmatopoulos, Elias},
year = {2017},
month = {01},
pages = {},
title = {DARP: Divide Areas Algorithm for Optimal Multi-Robot Coverage Path Planning},
volume = {86},
journal = {Journal of Intelligent & Robotic Systems},
doi = {10.1007/s10846-016-0461-x}
}
